%% edite este arquivo para refletir os dados do seu relatório
@techreport{TR-IC-13-45,
  number = {IC-13-45},
  author = {Arthur {Goodbeer Jr.} and Charles Opps and Eduardo dos Santos
                  {Puma Filho}},
  title = {{Comparação de Cervejas Brasileiras}},
  month = {February},
  year = {2013}, 
  institution = {Institute of Computing, University of Campinas},
%% escolha uma das linhas abaixo ou edite uma delas
%%  note = {In English, 14 pages.
  note = {In Portuguese, 14 pages.
%%  note = {In Spanish, 14 pages.
%%  note = {Partly in English, partly in Portuguese, 14 pages.
%% 
%% por favor, NÃO inclua a capa no número de páginas == o número de
%% páginas em geral é igual ao número da última página
%%
    \par\selectlanguage{brazil}\textbf{Resumo}
       Este  trabalho é um  relatório parcial  de um  projeto temático
       plurianual, visando  o estudo comparativo  de diversas espécies
       de cervejas nativas do sub-continente brasileiro.  A realização
       deste  trabalho  contou com  o  suporte  financeiro  do CNPq  e
       FAPESP,  e foi  imensamente facilitada  pela  infraestrutura de
       pesquisa cervisíaca instalada no Campus da UNICAMP.
    \par
       Com base nessas pesquisas, determinamos que a altura da cerveja
       $h$  e  a altura  da  espuma  $e$  satifazem aproximadamente  a
       inequação  $(\sqrt{e^2 +  h^2  +  2 h  e})^3  \leq \exp(3  \log
       K_0^\ast)$, onde $K_0^\ast$ é a altura do copo.  Esta fórmula é
       válida,    aparentemente,   inclusive   para    espécies   mais
       pigmentadas,  como  {\em  Malzbier}.   Em vista  disso,  e  dos
       resultados análogos  obtidos por A.  B.  Stémio em experiências
       com {\em Guaraná} e  $x$-{\em Cola}, conjeturamos que a fórmula
       pode  ser aplicada  (com pequenas  modificações) também  a {\em
       Champagne} e outros líquidos de composição similar.
    \par\selectlanguage{english}\textbf{Abstract}
       Insert here the abstract in English.
    \par\selectlanguage{spanish}\textbf{Resumen}
       El resumen del relatório en español.
  }
}
